<?xml version="1.0" encoding="UTF-8"?><collection xmlns="http://www.loc.gov/MARC21/slim"><record><leader>00391nam--2200133-i-4500</leader><controlfield tag="001">000033845</controlfield><controlfield tag="002">20161230</controlfield><controlfield tag="005">20161230201039</controlfield><controlfield tag="008">060222s1000------------r-----000-0-eng-d</controlfield><datafield ind1=" " ind2=" " tag="100"><subfield code="a">Morgenstern, D., Szabo, I</subfield></datafield><datafield ind1=" " ind2=" " tag="245"><subfield code="a">Vorlesungen uber theoretische mechanik</subfield></datafield><datafield ind1=" " ind2=" " tag="260"><subfield code="a">Berlin, Springer-verlag, 1961, Xi + 374p</subfield></datafield><datafield ind1=" " ind2=" " tag="490"><subfield code="a">Die Grundlehren Der Mathematischen Wissenschaften</subfield></datafield><datafield ind1=" " ind2=" " tag="852"><subfield code="a">17077</subfield></datafield></record></collection>